<?xml version="1.0" encoding="UTF-8"?><collection xmlns="http://www.loc.gov/MARC21/slim"><record><leader>00374nam--2200145-i-4500</leader><controlfield tag="001">000020507</controlfield><controlfield tag="002">20161230</controlfield><controlfield tag="005">20161230201033</controlfield><controlfield tag="008">060222s1000------------r-----000-0-eng-d</controlfield><datafield ind1=" " ind2=" " tag="020"><subfield code="a">0-387-94</subfield></datafield><datafield ind1=" " ind2=" " tag="080"><subfield code="a">530.1(09)</subfield></datafield><datafield ind1=" " ind2=" " tag="245"><subfield code="a">Renormalization. from lorentz to landau and beyond</subfield></datafield><datafield ind1=" " ind2=" " tag="260"><subfield code="a">Berlin, Springer-verlag, 1993. 192 P</subfield></datafield><datafield ind1=" " ind2=" " tag="700"><subfield code="a">Brown, Laurie M</subfield></datafield><datafield ind1=" " ind2=" " tag="852"><subfield code="a">80358</subfield></datafield></record></collection>